<?xml version="1.0" encoding="UTF-8"?><record xmlns="http://www.loc.gov/MARC21/slim" xmlns:cinclude="http://apache.org/cocoon/include/1.0" xmlns:zs="http://www.loc.gov/zing/srw/">
  <leader>00567cz  a2200169n  4500</leader>
  <controlfield tag="001">n  89101531 </controlfield>
  <controlfield tag="003">DLC</controlfield>
  <controlfield tag="005">20120804082815.0</controlfield>
  <controlfield tag="008">900301n| acannaab           |a aaa      </controlfield>
  <datafield tag="010" ind1=" " ind2=" ">
    <subfield code="a">n  89101531 </subfield>
  </datafield>
  <datafield tag="040" ind1=" " ind2=" ">
    <subfield code="a">DLC</subfield>
    <subfield code="b">eng</subfield>
    <subfield code="c">DLC</subfield>
    <subfield code="d">DLC</subfield>
  </datafield>
  <datafield tag="100" ind1="0" ind2=" ">
    <subfield code="a">Moṅʻ Tuiʺ,</subfield>
    <subfield code="c">Nuiṅʻ</subfield>
  </datafield>
  <datafield tag="400" ind1="0" ind2=" ">
    <subfield code="a">Nuiṅʻ Moṅʻ Tuiʺ</subfield>
  </datafield>
  <datafield tag="400" ind1="1" ind2=" ">
    <subfield code="a">Tuiʺ, Moṅʻ</subfield>
  </datafield>
  <datafield tag="400" ind1="1" ind2=" ">
    <subfield code="a">Tuiʺ, Nuiṅʻ Moṅʻ</subfield>
  </datafield>
  <datafield tag="667" ind1=" " ind2=" ">
    <subfield code="a">THIS 1XX FIELD CANNOT BE USED UNDER RDA UNTIL THIS RECORD HAS BEEN REVIEWED AND/OR UPDATED</subfield>
  </datafield>
  <datafield tag="670" ind1=" " ind2=" ">
    <subfield code="a">His Mvanʻ dha leʹ nhaṅʻʹ Mvanʻ mhu, 1989:</subfield>
    <subfield code="b">t.p. (Nuiṅʻ Moṅʻ Tuiʺ)</subfield>
  </datafield>
</record>